<record><leader>00000cas a22000007a 4500</leader><controlfield tag="001">11702968</controlfield><controlfield tag="008">850216d1862186uvauuu ne      0    0eng d</controlfield><datafield ind1=" " ind2=" " tag="010"><subfield code="a">sn 85025369 </subfield></datafield><datafield ind1=" " ind2=" " tag="040"><subfield code="a">NPX</subfield><subfield code="b">eng</subfield><subfield code="c">NPX</subfield><subfield code="d">OCL</subfield><subfield code="d">CNW</subfield><subfield code="d">NVK</subfield><subfield code="d">DCN</subfield><subfield code="d">OCL</subfield><subfield code="d">CNW</subfield><subfield code="d">KRTAS</subfield><subfield code="d">OCLCQ</subfield><subfield code="d">CZL</subfield><subfield code="d">OCLCF</subfield><subfield code="d">OCLCO</subfield></datafield><datafield ind1="1" ind2=" " tag="029"><subfield code="a">AU@</subfield><subfield code="b">000020233424</subfield></datafield><datafield ind1=" " ind2=" " tag="042"><subfield code="a">msc</subfield></datafield><datafield ind1=" " ind2=" " tag="043"><subfield code="a">n-us-va</subfield></datafield><datafield ind1=" " ind2="4" tag="050"><subfield code="a">E499.5 5th</subfield><subfield code="b">.C65</subfield></datafield><datafield ind1="0" ind2="4" tag="245"><subfield code="a">The Connecticut fifth.</subfield></datafield><datafield ind1=" " ind2=" " tag="260"><subfield code="a">Winchester, Va. :</subfield><subfield code="b">5th Regiment, Conn. Vols.,</subfield><subfield code="c">1862-</subfield></datafield><datafield ind1=" " ind2=" " tag="300"><subfield code="a">v.</subfield></datafield><datafield ind1="0" ind2=" " tag="362"><subfield code="a">Vol. 1, no. 1 (Mar. 18, 1862)-</subfield></datafield><datafield ind1=" " ind2=" " tag="500"><subfield code="a">Printed on the press of the Winchester Virginian.</subfield></datafield><datafield ind1=" " ind2=" " tag="500"><subfield code="a">"Qui transtulit sustinet."</subfield></datafield><datafield ind1=" " ind2=" " tag="530"><subfield code="a">Also issued on microfilm from Connecticut State Library, Hartford, CT.</subfield></datafield><datafield ind1=" " ind2=" " tag="588"><subfield code="a">Latest issue consulted: Vol. 1, no. 2 (Mar. 22, 1862).</subfield></datafield><datafield ind1="1" ind2="0" tag="610"><subfield code="a">United States.</subfield><subfield code="b">Army.</subfield><subfield code="b">Connecticut Infantry Regiment, 5th (1861-1865)</subfield></datafield><datafield ind1=" " ind2="0" tag="651"><subfield code="a">United States</subfield><subfield code="x">History</subfield><subfield code="y">Civil War, 1861-1865</subfield><subfield code="v">Newspapers.</subfield></datafield><datafield ind1=" " ind2="0" tag="651"><subfield code="a">Connecticut</subfield><subfield code="x">History</subfield><subfield code="y">Civil War, 1861-1865</subfield><subfield code="v">Newspapers.</subfield></datafield><datafield ind1=" " ind2="0" tag="651"><subfield code="a">Winchester (Va.)</subfield><subfield code="v">Newspapers.</subfield></datafield><datafield ind1=" " ind2="7" tag="655"><subfield code="a">History.</subfield><subfield code="2">fast</subfield><subfield code="0">(OCoLC)fst01411628</subfield></datafield><datafield ind1=" " ind2="7" tag="655"><subfield code="a">Newspapers.</subfield><subfield code="2">fast</subfield><subfield code="0">(OCoLC)fst01423814</subfield></datafield><datafield ind1="1" ind2="7" tag="610"><subfield code="a">United States.</subfield><subfield code="b">Army.</subfield><subfield code="b">Connecticut Infantry Regiment, 5th (1861-1865)</subfield><subfield code="2">fast</subfield><subfield code="0">(OCoLC)fst00775535</subfield></datafield><datafield ind1="2" ind2="7" tag="611"><subfield code="a">American Civil War (1861-1865)</subfield><subfield code="2">fast</subfield><subfield code="0">(OCoLC)fst01351658</subfield></datafield><datafield ind1=" " ind2="7" tag="648"><subfield code="a">1861 - 1865</subfield><subfield code="2">fast</subfield></datafield><datafield ind1=" " ind2="7" tag="651"><subfield code="a">Connecticut.</subfield><subfield code="2">fast</subfield><subfield code="0">(OCoLC)fst01205688</subfield></datafield><datafield ind1=" " ind2="7" tag="651"><subfield code="a">United States.</subfield><subfield code="2">fast</subfield><subfield code="0">(OCoLC)fst01204155</subfield></datafield><datafield ind1=" " ind2="7" tag="651"><subfield code="a">Virginia</subfield><subfield code="z">Winchester.</subfield><subfield code="2">fast</subfield><subfield code="0">(OCoLC)fst01202730</subfield></datafield><datafield ind1=" " ind2=" " tag="752"><subfield code="a">United States</subfield><subfield code="b">Virginia</subfield><subfield code="d">Winchester.</subfield></datafield><datafield ind1=" " ind2=" " tag="938"><subfield code="a">Kirtas Technologies, Inc.</subfield><subfield code="b">KRTS</subfield><subfield code="n">739012</subfield></datafield></record>